@Book{Schneider,
author = {Peter Schneider},
title = {Extragalaktische Astronomie und Kosmologie},
publisher = {Springer},
year = {2008}
}
@Article{S+W03,
author = {Matthias Bartelmann},
title = {Der Kosmische Mikrowellenhintergrund},
journal = {„Das junge Universum“, Sterne \& Weltraum Special},
year = {2003},
volume = {1},
pages = {44}
}
@Article{A+R,
author = {Matthias Bartelmann},
title = {Der Kosmische Mikrowellenhintergrund},
journal = {Astronomie+Raumfahrt},
year = {2000},
volume = {2},
pages = {8}
}
@Article{S+W00,
author = {Matthias Bartelmann},
title = {Der Kosmische Mikrowellenhintergrund},
journal = {Sterne \& Weltraum},
year = {2000},
volume = {5},
pages = {337}
}

@Article{Tegmark,
author = {Max Tegmark},
title = "{Doppler Peaks on all that: CMB Anisotropies and What They Can Tell Us}",
journal = {Proc. Enrico Fermi, Course CXXXII, Varenna},
year = {1996},
eprint = {arXiv:astro-ph/9511148},
editor = "{S.~Bonometto, J.~R.~Primack, \& A.~Provenzale}",
pages = {379},
}

@Article{PJ1,
author = {Dominik Schwarz},
title = {Vordergründige Strahlung},
journal = {Physik Journal},
year = {2011},
volume = {9},
pages = {20}
}
@Article{PJ2,
author = {Jens Niemeyer},
title = {Spuren des frühen Universums},
journal = {Physik Journal},
year = {2011},
volume = {9},
pages = {20}
}
@Misc{pm,
author = {{ESA}},
title = {Planck's HFI completes its survey of early Universe},
howpublished = {Pressemeldung},
month = {16. Januar},
year = {2012}
}
